@article{ambjorn2012nonperturbative,
  title={Nonperturbative quantum gravity: Causal dynamical triangulations},
  author={Ambj{\o}rn, Jan and Jurkiewicz, Jerzy and Loll, Renate},
  journal={Physics Reports},
  volume={519},
  number={4-5},
  pages={127--210},
  year={2012},
  publisher={Elsevier}
}

@article{ashtekar2006quantum,
  title={Quantum nature of the big bang: Improved dynamics},
  author={Ashtekar, Abhay and Pawlowski, Tomasz and Singh, Parampreet},
  journal={Physical Review D},
  volume={74},
  number={8},
  pages={084003},
  year={2006}
}

@article{baum2020thermal,
  title={Thermal time and entropy in quantum gravity},
  author={Baum, Paul and Haegeman, Jutho and Verstraete, Frank},
  journal={Journal of High Energy Physics},
  year={2020}
}

@article{bondi1948steady,
  title={The Steady-State Theory of the Expanding Universe},
  author={Bondi, Hermann and Gold, Thomas},
  journal={Monthly Notices of the Royal Astronomical Society},
  volume={108},
  pages={252--270},
  year={1948}
}

@article{connes1994time,
  title={Von Neumann algebra automorphisms and time-thermodynamics relation in generally covariant quantum theories},
  author={Connes, Alain and Rovelli, Carlo},
  journal={Classical and Quantum Gravity},
  volume={11},
  number={12},
  pages={2899--2917},
  year={1994}
}

@article{jacobson1995thermodynamics,
  title={Thermodynamics of spacetime: the Einstein equation of state},
  author={Jacobson, Ted},
  journal={Physical Review Letters},
  volume={75},
  number={7},
  pages={1260--1263},
  year={1995}
}

@book{penrose2010cycles,
  title={Cycles of time: An extraordinary new view of the universe},
  author={Penrose, Roger},
  year={2010},
  publisher={Bodley Head}
}

@article{ruppeiner1995riemannian,
  title={Riemannian geometry in thermodynamic fluctuation theory},
  author={Ruppeiner, George},
  journal={Reviews of Modern Physics},
  volume={67},
  number={3},
  pages={605--659},
  year={1995}
}

@article{steinhardt2002cyclic,
  title={Cosmic evolution in a cyclic universe},
  author={Steinhardt, Paul J and Turok, Neil},
  journal={Physical Review D},
  volume={65},
  number={12},
  pages={126003},
  year={2002}
}

@article{verlinde2011origin,
  title={On the origin of gravity and the laws of Newton},
  author={Verlinde, Erik P},
  journal={Journal of High Energy Physics},
  volume={2011},
  number={4},
  pages={29},
  year={2011}
}